@book{Cre93,
author = {Crevier, Daniel},
title = {{AI}: The Tumultuous History of the Search for Artificial Intelligence},
year = {1993},
publisher = {Basic Books, Inc.},
address = {USA}
}

@article{McCPit88,
  author = {McCulloch, W. S. and Pitts, W.},
  journal = {Bulletin of Mathematical Biophysics},
  pages = {115-133},
  title = {A logical calculus of the ideas immanent in nervous activity},
  volume = 5,
  year = 1943
}

@article{Wei91,
  author = {Weiser, Mark},
  journal = {Scientific American},
  month = {January},
  number = 3,
  pages = {66--75},
  title = {The Computer for the 21st Century},
  volume = 265,
  year = 1991
}


